@MISC{TwitterResearch,
    author = {Twitter Research},
    title = {A collection of articles using Twitter Data},
    year = {2014},
    howpublished = {\url{https://sites.google.com/site/twitterresearch09/twitter-papers}}
}
@PHDTHESIS{Petrovic2012,
    AUTHOR="Sasa Petrovic",
    TITLE="Real-time Event Detection in Massive Streams",
    SCHOOL="School of Informatics, University of Edinburgh",
    YEAR=2012
}

    
