@misc{obcare,
  title = {ObamaCare website down},
  author = "NBCNews",
  howpublished = {\url{http://www.nbcnews.com/storyline/obamacare-deadline/obamacare-website-fails-deadline-arrives-n67666}},
  note = {Accessed: 2015-03-01}
}

@misc{bestbuy,
  title = {Best Buy website down because of high demand},
  author = "CNBC",
  howpublished = {\url{http://www.cnbc.com/id/102223815}},
  note = {Accessed: 2015-03-01}
}

@misc{InternetOrgWhitepaper,
  title = {A focus on efficiency. Internet.org whitepaper},
  author = "Facebook, Ericsson and Qualcomm",
  howpublished = {\url{https://fbcdn-dragon-a.akamaihd.net/hphotos-ak-prn1/851575_520797877991079_393255490_n.pdf}},
  note = {Accessed: 2015-03-01}
}

@misc{snapchat,
  title = {Snapchat's Growth.},
  author = "Allyson Shontel",
  howpublished = {\url{http://www.businessinsider.com/snapchat-growth-2014-5?IR=T}},
  note = {Accessed: 2015-03-01}
}

@misc{twitter,
    title = {Twitter},
    author = "Twitter",
    howpublished = {\url{http://www.twitter.com}},
    note = {Accessed: 2015-03-01}	
}


@misc{FBStats,
  title = {Facebook statistics},
  author = "",
  howpublished = {\url{http://www.statisticbrain.com/facebook-statistics/}},
  note = {Accessed: 2013-02-28}
}

@misc{TwitStat,
  title = {{Twitter} statistics},
  author = "",
  howpublished = {\url{https://about.twitter.com/company}},
  note = {Accessed: 2015-03-01}
}

@misc{TwitterNewsWire,
  title = {Twitter as a news-wire},
  author = "Twitter",
  howpublished = {\url{https://blog.twitter.com/2008/twitter-news-wire}},
  note = {Accessed: 2013-02-28}
}

@Book{Gustaf,
author = {Fredrik Gustafson},
title = {{A}daptive {F}iltering and {C}hange {D}etection},
publisher = {Wiley},
year = {2000}
}


@article{online-mean-and-var,
     jstor_articletype = {research-article},
     title = {Note on a Method for Calculating Corrected Sums of Squares and Products},
     author = {Welford, B. P.},
     journal = {Technometrics},
     jstor_issuetitle = {},
     volume = {4},
     number = {3},
     jstor_formatteddate = {Aug., 1962},
     pages = {pp. 419-420},
     url = {http://www.jstor.org/stable/1266577},
     ISSN = {00401706},
     abstract = {},
     language = {English},
     year = {1962},
     publisher = {Taylor & Francis, Ltd. on behalf of American Statistical Association and American Society for Quality},
     copyright = {Copyright Â© 1962 American Statistical Association and American Society for Quality},
    }

@article{adams2007bayesian,
  title={Bayesian online changepoint detection},
  author={Adams, Ryan Prescott and MacKay, David JC},
  journal={arXiv preprint arXiv:0710.3742},
  year={2007}
}


% old goes here new goes above. 

@misc{seqcap,
  title = {Sequoia Capital investment values Skyscanner at \$800m},
  author = "BBC",
  howpublished = {\url{http://www.bbc.co.uk/news/uk-scotland-scotland-business-24380126}},
  note = {Accessed: 2013-02-28}
}


@misc{code,
  title = {Code for MInf Project},
  author = "Stefan Sabev",
  howpublished = {\url{https://github.com/SSabev/HonsProject/}},
  note = {Accessed: 2015-03-30}
}



@misc{lasso,
  title = {Lasso (statistics)},
  author = "Wikipedia",
  howpublished = {\url{http://en.wikipedia.org/wiki/Lasso_(statistics)#Lasso_method}},
  note = {Accessed: 2013-02-28}
}




@misc{TwitterResearch,
  title = {A collection of publications using {Twitter} data},
  author = "Twitter Research",
  howpublished = {\url{https://sites.google.com/site/twitterresearch09/twitter-papers}},
  note = {Accessed: 2013-02-28}
}

@inproceedings{Miles1,
  author    = {Zhunchen Luo and
               Miles Osborne and
               Jintao Tang and
               Ting Wang},
  title     = {Who will retweet me?: finding retweeters in {Twitter}},
  booktitle = {SIGIR},
  year      = {2013},
  pages     = {869-872},
  ee        = {http://doi.acm.org/10.1145/2484028.2484158},
  crossref  = {DBLP:conf/sigir/2013},
  bibsource = {DBLP, http://dblp.uni-trier.de}
}
@proceedings{DBLP:conf/sigir/2013,
  editor    = {Gareth J. F. Jones and
               Paraic Sheridan and
               Diane Kelly and
               Maarten de Rijke and
               Tetsuya Sakai},
  title     = {The 36th International ACM SIGIR conference on research
               and development in Information Retrieval, SIGIR '13, Dublin,
               Ireland - July 28 - August 01, 2013},
  booktitle = {SIGIR},
  publisher = {ACM},
  year      = {2013},
  isbn      = {978-1-4503-2034-4},
  ee        = {http://dl.acm.org/citation.cfm?id=2484028},
  bibsource = {DBLP, http://dblp.uni-trier.de}
}

@article{Miles2,
  author    = {Sasa Petrovic and
               Miles Osborne and
               Victor Lavrenko},
  title     = {I Wish I Didn't Say That! Analyzing and Predicting Deleted
               Messages in {Twitter}},
  journal   = {CoRR},
  volume    = {abs/1305.3107},
  year      = {2013},
  ee        = {http://arxiv.org/abs/1305.3107},
  bibsource = {DBLP, http://dblp.uni-trier.de}
}

@phdthesis{
	Petrovic2012,
	author = "Sasa Petrovic",
	title = "Real-time Event Detection in Massive Streams",
	school = "University of Edinburgh",
	year = "2012"
}

@article{twitstock,
  author    = {Johan Bollen and
               Huina Mao},
  title     = {{Twitter} Mood as a Stock Market Predictor},
  journal   = {IEEE Computer},
  volume    = {44},
  number    = {10},
  year      = {2011},
  pages     = {91-94},
  ee        = {http://doi.ieeecomputersociety.org/10.1109/MC.2011.323},
  bibsource = {DBLP, http://dblp.uni-trier.de}
}

@article{twitnfl,
  author    = {Shiladitya Sinha and
               Chris Dyer and
               Kevin Gimpel and
               Noah A. Smith},
  title     = {Predicting the NFL using {Twitter}},
  journal   = {CoRR},
  volume    = {abs/1310.6998},
  year      = {2013},
  ee        = {http://arxiv.org/abs/1310.6998},
  bibsource = {DBLP, http://dblp.uni-trier.de}
}

@inproceedings{twitflu,
  author    = {Michael J. Paul and
               Mark Dredze},
  title     = {You Are What You Tweet: Analyzing {Twitter} for Public Health},
  booktitle = {International AAAI Conference on Weblogs and Social Media},
  year      = {2011},
  ee        = {http://www.aaai.org/ocs/index.php/ICWSM/ICWSM11/paper/view/2880},
  crossref  = {DBLP:conf/icwsm/2011},
  bibsource = {DBLP, http://dblp.uni-trier.de}
}
@proceedings{DBLP:conf/icwsm/2011,
  editor    = {Lada A. Adamic and
               Ricardo A. Baeza-Yates and
               Scott Counts},
  title     = {Proceedings of the Fifth International Conference on Weblogs
               and Social Media, Barcelona, Catalonia, Spain, July 17-21,
               2011},
  booktitle = {International AAAI Conference on Weblogs and Social Media},
  publisher = {The AAAI Press},
  year      = {2011},
  ee        = {http://www.aaai.org/Library/ICWSM/icwsm11contents.php},
  bibsource = {DBLP, http://dblp.uni-trier.de}
}


@inproceedings{twitpoll,
  author    = {Brendan O'Connor and
               Ramnath Balasubramanyan and
               Bryan R. Routledge and
               Noah A. Smith},
  title     = {From Tweets to Polls: Linking Text Sentiment to Public Opinion
               Time Series},
  booktitle = {International AAAI Conference on Weblogs and Social Media},
  year      = {2010},
  ee        = {http://www.aaai.org/ocs/index.php/ICWSM/ICWSM10/paper/view/1536},
  crossref  = {DBLP:conf/icwsm/2010},
  bibsource = {DBLP, http://dblp.uni-trier.de}
}

@proceedings{DBLP:conf/icwsm/2010,
  editor    = {William W. Cohen and
               Samuel Gosling},
  title     = {Proceedings of the Fourth International Conference on Weblogs
               and Social Media, ICWSM 2010, Washington, DC, USA, May 23-26,
               2010},
  booktitle = {International AAAI Conference on Weblogs and Social Media},
  publisher = {The AAAI Press},
  year      = {2010},
  bibsource = {DBLP, http://dblp.uni-trier.de}
}

@article{lda,
  author    = {David M. Blei and
               Andrew Y. Ng and
               Michael I. Jordan},
  title     = {Latent Dirichlet Allocation},
  journal   = {Journal of Machine Learning Research},
  volume    = {3},
  year      = {2003},
  pages     = {993-1022},
  ee        = {http://www.jmlr.org/papers/v3/blei03a.html},
  bibsource = {DBLP, http://dblp.uni-trier.de}
}



@misc{dija,
  title = {Dow Jones Industrial Average},
  howpublished = {\url{http://en.wikipedia.org/wiki/DJIA}},
  note = {Accessed: 2013-02-28}
}

@misc{opfind,
  title = {Opinion finder},
  howpublished = {\url{http://mpqa.cs.pitt.edu/opinionfinder/}},
  note = {Accessed: 2013-02-28}
}

@misc{granger,
  title = {Granger causality},
  howpublished = {\url{http://en.wikipedia.org/wiki/Granger_causality}},
  note = {Accessed: 2013-02-28}
}



@article{sofnn,
  author    = {Gang Leng and
               Girijesh Prasad and
               T. Martin McGinnity},
  title     = {An on-line algorithm for creating self-organizing fuzzy
               neural networks},
  journal   = {Neural Networks},
  volume    = {17},
  number    = {10},
  year      = {2004},
  pages     = {1477-1493},
  ee        = {http://dx.doi.org/10.1016/j.neunet.2004.07.009},
  bibsource = {DBLP, http://dblp.uni-trier.de}
}

@inproceedings{DBLP:conf/kdd/EtzioniTKY03,
  author    = {Oren Etzioni and
               Rattapoom Tuchinda and
               Craig A. Knoblock and
               Alexander Yates},
  title     = {To buy or not to buy: mining airfare data to minimise ticket
               purchase price},
  booktitle = {KDD},
  year      = {2003},
  pages     = {119-128},
  ee        = {http://doi.acm.org/10.1145/956750.956767},
  crossref  = {DBLP:conf/kdd/2003},
  bibsource = {DBLP, http://dblp.uni-trier.de}
}
@proceedings{Hamletkdd03,
  editor    = {Lise Getoor and
               Ted E. Senator and
               Pedro Domingos and
               Christos Faloutsos},
  title     = {Proceedings of the Ninth ACM SIGKDD International Conference
               on Knowledge Discovery and Data Mining, Washington, DC,
               USA, August 24 - 27, 2003},
  booktitle = {KDD},
  publisher = {ACM},
  year      = {2003},
  isbn      = {1-58113-737-0},
  bibsource = {DBLP, http://dblp.uni-trier.de}
}

@inproceedings{ijcai,
  author    = {William Groves and
               Maria L. Gini},
  title     = {Optimal Airline Ticket Purchasing Using Automated User-Guided
               Feature Selection},
  booktitle = {IJCAI},
  year      = {2013},
  ee        = {http://www.aaai.org/ocs/index.php/IJCAI/IJCAI13/paper/view/7000},
  crossref  = {DBLP:conf/ijcai/2013},
  bibsource = {DBLP, http://dblp.uni-trier.de}
}

@proceedings{DBLP:conf/ijcai/2013,
  editor    = {Francesca Rossi},
  title     = {IJCAI 2013, Proceedings of the 23rd International Joint
               Conference on Artificial Intelligence, Beijing, China, August
               3-9, 2013},
  booktitle = {IJCAI},
  publisher = {IJCAI/AAAI},
  year      = {2013},
  isbn      = {978-1-57735-633-2},
  bibsource = {DBLP, http://dblp.uni-trier.de}
}


@misc{samplestream,
  title = {Twitter Sample Stream},
  howpublished = {\url{https://dev.twitter.com/docs/api/1.1/get/statuses/sample}},
  note = {Accessed: 2013-02-28}
}

@misc{tweetobject,
  title = {Tweets data and attributes},
  howpublished = {\url{https://dev.twitter.com/docs/platform-objects/tweets}},
  note = {Accessed: 2013-02-28}
}

@misc{pandas,
  title = {Python Data Analysis Library},
  howpublished = {\url{http://pandas.pydata.org/}},
  note = {Accessed: 2013-02-28}
}
